<?xml version="1.0" encoding="UTF-8"?><record xmlns="http://www.loc.gov/MARC21/slim" xmlns:cinclude="http://apache.org/cocoon/include/1.0" xmlns:zs="http://www.loc.gov/zing/srw/">
  <leader>00473nz  a2200145n  4500</leader>
  <controlfield tag="001">nr 99022892 </controlfield>
  <controlfield tag="003">DLC</controlfield>
  <controlfield tag="005">19990813142854.0</controlfield>
  <controlfield tag="008">990721n| acannaabn          |n aaa     c</controlfield>
  <datafield tag="010" ind1=" " ind2=" ">
    <subfield code="a">nr 99022892 </subfield>
  </datafield>
  <datafield tag="040" ind1=" " ind2=" ">
    <subfield code="a">NIC</subfield>
    <subfield code="b">eng</subfield>
    <subfield code="c">NIC</subfield>
  </datafield>
  <datafield tag="100" ind1="1" ind2=" ">
    <subfield code="a">Stodart, M. A.</subfield>
  </datafield>
  <datafield tag="670" ind1=" " ind2=" ">
    <subfield code="a">Principles of education, 1844:</subfield>
    <subfield code="b">t.p. (M. A. Stodart)</subfield>
  </datafield>
  <datafield tag="670" ind1=" " ind2=" ">
    <subfield code="a">RLIN, 7/21/99</subfield>
    <subfield code="b">(hdgs.: Stodart, M. A.; Stodart, Miss, M. A.; usage: M. A. Stodart)</subfield>
  </datafield>
  <datafield tag="670" ind1=" " ind2=" ">
    <subfield code="a">LC in RLIN, 7/22/99</subfield>
    <subfield code="b">(hdg.: Stodart, M. A., Miss)</subfield>
  </datafield>
</record>